%YAML 1.1
%TAG !u! tag:unity3d.com,2011:
--- !u!1001 &100100000
Prefab:
  m_ObjectHideFlags: 1
  serializedVersion: 2
  m_Modification:
    m_TransformParent: {fileID: 0}
    m_Modifications: []
    m_RemovedComponents: []
  m_ParentPrefab: {fileID: 0}
  m_RootGameObject: {fileID: 1000010028213124}
  m_IsPrefabParent: 1
--- !u!1 &1000010028213124
GameObject:
  m_ObjectHideFlags: 0
  m_PrefabParentObject: {fileID: 0}
  m_PrefabInternal: {fileID: 100100000}
  serializedVersion: 4
  m_Component:
  - 4: {fileID: 4000013834642780}
  - 95: {fileID: 95000012761897386}
  m_Layer: 0
  m_Name: doctor_animation
  m_TagString: Untagged
  m_Icon: {fileID: 0}
  m_NavMeshLayer: 0
  m_StaticEditorFlags: 0
  m_IsActive: 1
--- !u!1 &1000010371078650
GameObject:
  m_ObjectHideFlags: 0
  m_PrefabParentObject: {fileID: 0}
  m_PrefabInternal: {fileID: 100100000}
  serializedVersion: 4
  m_Component:
  - 4: {fileID: 4000014162257724}
  m_Layer: 0
  m_Name: Root
  m_TagString: Untagged
  m_Icon: {fileID: 0}
  m_NavMeshLayer: 0
  m_StaticEditorFlags: 0
  m_IsActive: 1
--- !u!1 &1000010560016646
GameObject:
  m_ObjectHideFlags: 1
  m_PrefabParentObject: {fileID: 0}
  m_PrefabInternal: {fileID: 100100000}
  serializedVersion: 4
  m_Component:
  - 4: {fileID: 4000013184771702}
  m_Layer: 0
  m_Name: "rechter_fu\xDF"
  m_TagString: Untagged
  m_Icon: {fileID: 0}
  m_NavMeshLayer: 0
  m_StaticEditorFlags: 0
  m_IsActive: 1
--- !u!1 &1000010563343750
GameObject:
  m_ObjectHideFlags: 0
  m_PrefabParentObject: {fileID: 0}
  m_PrefabInternal: {fileID: 100100000}
  serializedVersion: 4
  m_Component:
  - 4: {fileID: 4000010964565014}
  m_Layer: 0
  m_Name: Root_4
  m_TagString: Untagged
  m_Icon: {fileID: 0}
  m_NavMeshLayer: 0
  m_StaticEditorFlags: 0
  m_IsActive: 1
--- !u!1 &1000010623412142
GameObject:
  m_ObjectHideFlags: 1
  m_PrefabParentObject: {fileID: 0}
  m_PrefabInternal: {fileID: 100100000}
  serializedVersion: 4
  m_Component:
  - 4: {fileID: 4000013844060374}
  m_Layer: 0
  m_Name: linke_hand
  m_TagString: Untagged
  m_Icon: {fileID: 0}
  m_NavMeshLayer: 0
  m_StaticEditorFlags: 0
  m_IsActive: 1
--- !u!1 &1000010695396808
GameObject:
  m_ObjectHideFlags: 1
  m_PrefabParentObject: {fileID: 0}
  m_PrefabInternal: {fileID: 100100000}
  serializedVersion: 4
  m_Component:
  - 4: {fileID: 4000010061273162}
  m_Layer: 0
  m_Name: rechter_oberarm
  m_TagString: Untagged
  m_Icon: {fileID: 0}
  m_NavMeshLayer: 0
  m_StaticEditorFlags: 0
  m_IsActive: 1
--- !u!1 &1000010952426276
GameObject:
  m_ObjectHideFlags: 1
  m_PrefabParentObject: {fileID: 0}
  m_PrefabInternal: {fileID: 100100000}
  serializedVersion: 4
  m_Component:
  - 4: {fileID: 4000012168526310}
  m_Layer: 0
  m_Name: linker_oberschenkel
  m_TagString: Untagged
  m_Icon: {fileID: 0}
  m_NavMeshLayer: 0
  m_StaticEditorFlags: 0
  m_IsActive: 1
--- !u!1 &1000011361515498
GameObject:
  m_ObjectHideFlags: 0
  m_PrefabParentObject: {fileID: 0}
  m_PrefabInternal: {fileID: 100100000}
  serializedVersion: 4
  m_Component:
  - 4: {fileID: 4000011059818252}
  - 137: {fileID: 137000010264456244}
  m_Layer: 0
  m_Name: doctor
  m_TagString: Untagged
  m_Icon: {fileID: 0}
  m_NavMeshLayer: 0
  m_StaticEditorFlags: 0
  m_IsActive: 1
--- !u!1 &1000011436919898
GameObject:
  m_ObjectHideFlags: 1
  m_PrefabParentObject: {fileID: 0}
  m_PrefabInternal: {fileID: 100100000}
  serializedVersion: 4
  m_Component:
  - 4: {fileID: 4000011456723822}
  m_Layer: 0
  m_Name: rechtes_schienbein
  m_TagString: Untagged
  m_Icon: {fileID: 0}
  m_NavMeshLayer: 0
  m_StaticEditorFlags: 0
  m_IsActive: 1
--- !u!1 &1000012313256208
GameObject:
  m_ObjectHideFlags: 0
  m_PrefabParentObject: {fileID: 0}
  m_PrefabInternal: {fileID: 100100000}
  serializedVersion: 4
  m_Component:
  - 4: {fileID: 4000012061569682}
  m_Layer: 0
  m_Name: Root_3
  m_TagString: Untagged
  m_Icon: {fileID: 0}
  m_NavMeshLayer: 0
  m_StaticEditorFlags: 0
  m_IsActive: 1
--- !u!1 &1000012504452758
GameObject:
  m_ObjectHideFlags: 1
  m_PrefabParentObject: {fileID: 0}
  m_PrefabInternal: {fileID: 100100000}
  serializedVersion: 4
  m_Component:
  - 4: {fileID: 4000013300120866}
  m_Layer: 0
  m_Name: rechter_oberschenkel
  m_TagString: Untagged
  m_Icon: {fileID: 0}
  m_NavMeshLayer: 0
  m_StaticEditorFlags: 0
  m_IsActive: 1
--- !u!1 &1000012523877896
GameObject:
  m_ObjectHideFlags: 1
  m_PrefabParentObject: {fileID: 0}
  m_PrefabInternal: {fileID: 100100000}
  serializedVersion: 4
  m_Component:
  - 4: {fileID: 4000013623382550}
  m_Layer: 0
  m_Name: rechter_unterarm
  m_TagString: Untagged
  m_Icon: {fileID: 0}
  m_NavMeshLayer: 0
  m_StaticEditorFlags: 0
  m_IsActive: 1
--- !u!1 &1000012746412546
GameObject:
  m_ObjectHideFlags: 1
  m_PrefabParentObject: {fileID: 0}
  m_PrefabInternal: {fileID: 100100000}
  serializedVersion: 4
  m_Component:
  - 4: {fileID: 4000011303259256}
  m_Layer: 0
  m_Name: rechte_hand
  m_TagString: Untagged
  m_Icon: {fileID: 0}
  m_NavMeshLayer: 0
  m_StaticEditorFlags: 0
  m_IsActive: 1
--- !u!1 &1000012800071878
GameObject:
  m_ObjectHideFlags: 1
  m_PrefabParentObject: {fileID: 0}
  m_PrefabInternal: {fileID: 100100000}
  serializedVersion: 4
  m_Component:
  - 4: {fileID: 4000012197130970}
  m_Layer: 0
  m_Name: linker_unterarm
  m_TagString: Untagged
  m_Icon: {fileID: 0}
  m_NavMeshLayer: 0
  m_StaticEditorFlags: 0
  m_IsActive: 1
--- !u!1 &1000013408167608
GameObject:
  m_ObjectHideFlags: 1
  m_PrefabParentObject: {fileID: 0}
  m_PrefabInternal: {fileID: 100100000}
  serializedVersion: 4
  m_Component:
  - 4: {fileID: 4000012411378816}
  m_Layer: 0
  m_Name: "linker_fu\xDF"
  m_TagString: Untagged
  m_Icon: {fileID: 0}
  m_NavMeshLayer: 0
  m_StaticEditorFlags: 0
  m_IsActive: 1
--- !u!1 &1000013428773552
GameObject:
  m_ObjectHideFlags: 1
  m_PrefabParentObject: {fileID: 0}
  m_PrefabInternal: {fileID: 100100000}
  serializedVersion: 4
  m_Component:
  - 4: {fileID: 4000011099682008}
  m_Layer: 0
  m_Name: linker_oberarm
  m_TagString: Untagged
  m_Icon: {fileID: 0}
  m_NavMeshLayer: 0
  m_StaticEditorFlags: 0
  m_IsActive: 1
--- !u!1 &1000013505966948
GameObject:
  m_ObjectHideFlags: 1
  m_PrefabParentObject: {fileID: 0}
  m_PrefabInternal: {fileID: 100100000}
  serializedVersion: 4
  m_Component:
  - 4: {fileID: 4000014216292062}
  m_Layer: 0
  m_Name: linkes_schienbein
  m_TagString: Untagged
  m_Icon: {fileID: 0}
  m_NavMeshLayer: 0
  m_StaticEditorFlags: 0
  m_IsActive: 1
--- !u!1 &1000013608507492
GameObject:
  m_ObjectHideFlags: 0
  m_PrefabParentObject: {fileID: 0}
  m_PrefabInternal: {fileID: 100100000}
  serializedVersion: 4
  m_Component:
  - 4: {fileID: 4000013137527508}
  m_Layer: 0
  m_Name: Root_2
  m_TagString: Untagged
  m_Icon: {fileID: 0}
  m_NavMeshLayer: 0
  m_StaticEditorFlags: 0
  m_IsActive: 1
--- !u!4 &4000010061273162
Transform:
  m_ObjectHideFlags: 1
  m_PrefabParentObject: {fileID: 0}
  m_PrefabInternal: {fileID: 100100000}
  m_GameObject: {fileID: 1000010695396808}
  m_LocalRotation: {x: -0.33897525, y: 0.5121733, z: 0.4355447, w: 0.65808445}
  m_LocalPosition: {x: 3.1974422e-16, y: 2.842171e-16, z: -8.881784e-18}
  m_LocalScale: {x: 1, y: 1, z: 1}
  m_LocalEulerAnglesHint: {x: 0, y: 0, z: 0}
  m_Children:
  - {fileID: 4000013623382550}
  m_Father: {fileID: 4000012061569682}
  m_RootOrder: 0
--- !u!4 &4000010964565014
Transform:
  m_ObjectHideFlags: 1
  m_PrefabParentObject: {fileID: 0}
  m_PrefabInternal: {fileID: 100100000}
  m_GameObject: {fileID: 1000010563343750}
  m_LocalRotation: {x: 0.000000006242388, y: -0.00000002179161, z: -0.000000010536712,
    w: 1}
  m_LocalPosition: {x: 0.109907284, y: 0.6267689, z: -0.012870795}
  m_LocalScale: {x: 1, y: 1, z: 1}
  m_LocalEulerAnglesHint: {x: 0, y: 0, z: 0}
  m_Children:
  - {fileID: 4000011099682008}
  m_Father: {fileID: 4000013834642780}
  m_RootOrder: 4
--- !u!4 &4000011059818252
Transform:
  m_ObjectHideFlags: 1
  m_PrefabParentObject: {fileID: 0}
  m_PrefabInternal: {fileID: 100100000}
  m_GameObject: {fileID: 1000011361515498}
  m_LocalRotation: {x: 0, y: -0, z: -0, w: 1}
  m_LocalPosition: {x: -0, y: 0, z: 0}
  m_LocalScale: {x: 1, y: 1, z: 1}
  m_LocalEulerAnglesHint: {x: 0, y: 0, z: 0}
  m_Children: []
  m_Father: {fileID: 4000013834642780}
  m_RootOrder: 0
--- !u!4 &4000011099682008
Transform:
  m_ObjectHideFlags: 1
  m_PrefabParentObject: {fileID: 0}
  m_PrefabInternal: {fileID: 100100000}
  m_GameObject: {fileID: 1000013428773552}
  m_LocalRotation: {x: -0.44625565, y: -0.6456517, z: -0.35233, w: 0.5097581}
  m_LocalPosition: {x: 3.5527135e-16, y: -1.4210854e-16, z: 0}
  m_LocalScale: {x: 1, y: 1, z: 1}
  m_LocalEulerAnglesHint: {x: 0, y: 0, z: 0}
  m_Children:
  - {fileID: 4000012197130970}
  m_Father: {fileID: 4000010964565014}
  m_RootOrder: 0
--- !u!4 &4000011303259256
Transform:
  m_ObjectHideFlags: 1
  m_PrefabParentObject: {fileID: 0}
  m_PrefabInternal: {fileID: 100100000}
  m_GameObject: {fileID: 1000012746412546}
  m_LocalRotation: {x: -4.2583754e-17, y: 2.1579226e-10, z: -0.000000019712383, w: 1}
  m_LocalPosition: {x: -0.03032442, y: -2.897058e-10, z: -0.38647446}
  m_LocalScale: {x: 1, y: 1, z: 1}
  m_LocalEulerAnglesHint: {x: 0, y: 0, z: 0}
  m_Children: []
  m_Father: {fileID: 4000013623382550}
  m_RootOrder: 0
--- !u!4 &4000011456723822
Transform:
  m_ObjectHideFlags: 1
  m_PrefabParentObject: {fileID: 0}
  m_PrefabInternal: {fileID: 100100000}
  m_GameObject: {fileID: 1000011436919898}
  m_LocalRotation: {x: -0.028404921, y: 0.0000000020172235, z: 5.732238e-11, w: 0.9995965}
  m_LocalPosition: {x: -0.0000000024022353, y: -7.805894e-10, z: -0.6656383}
  m_LocalScale: {x: 1, y: 1, z: 1}
  m_LocalEulerAnglesHint: {x: 0, y: 0, z: 0}
  m_Children:
  - {fileID: 4000013184771702}
  m_Father: {fileID: 4000013300120866}
  m_RootOrder: 0
--- !u!4 &4000012061569682
Transform:
  m_ObjectHideFlags: 1
  m_PrefabParentObject: {fileID: 0}
  m_PrefabInternal: {fileID: 100100000}
  m_GameObject: {fileID: 1000012313256208}
  m_LocalRotation: {x: -0.000000004645486, y: -0.000000021833785, z: -1.0142854e-16,
    w: 1}
  m_LocalPosition: {x: -0.13297372, y: 0.6231967, z: -0.027488181}
  m_LocalScale: {x: 1, y: 1, z: 1}
  m_LocalEulerAnglesHint: {x: 0, y: 0, z: 0}
  m_Children:
  - {fileID: 4000010061273162}
  m_Father: {fileID: 4000013834642780}
  m_RootOrder: 3
--- !u!4 &4000012168526310
Transform:
  m_ObjectHideFlags: 1
  m_PrefabParentObject: {fileID: 0}
  m_PrefabInternal: {fileID: 100100000}
  m_GameObject: {fileID: 1000010952426276}
  m_LocalRotation: {x: -0.41284084, y: -0.45389944, z: -0.5313165, w: 0.58415794}
  m_LocalPosition: {x: -5.3290704e-17, y: -2.753353e-16, z: -1.2705494e-23}
  m_LocalScale: {x: 1, y: 1, z: 1}
  m_LocalEulerAnglesHint: {x: 0, y: 0, z: 0}
  m_Children:
  - {fileID: 4000014216292062}
  m_Father: {fileID: 4000013137527508}
  m_RootOrder: 0
--- !u!4 &4000012197130970
Transform:
  m_ObjectHideFlags: 1
  m_PrefabParentObject: {fileID: 0}
  m_PrefabInternal: {fileID: 100100000}
  m_GameObject: {fileID: 1000012800071878}
  m_LocalRotation: {x: -0.19857702, y: -0.0000000018483023, z: -3.7448822e-10, w: 0.9800853}
  m_LocalPosition: {x: -0.012503872, y: -0.0000000040303414, z: -0.3105017}
  m_LocalScale: {x: 1, y: 1, z: 1}
  m_LocalEulerAnglesHint: {x: 0, y: 0, z: 0}
  m_Children:
  - {fileID: 4000013844060374}
  m_Father: {fileID: 4000011099682008}
  m_RootOrder: 0
--- !u!4 &4000012411378816
Transform:
  m_ObjectHideFlags: 1
  m_PrefabParentObject: {fileID: 0}
  m_PrefabInternal: {fileID: 100100000}
  m_GameObject: {fileID: 1000013408167608}
  m_LocalRotation: {x: -9.06393e-16, y: -5.551115e-17, z: -2.6020852e-18, w: 1}
  m_LocalPosition: {x: 2.1316282e-16, y: -2.4868996e-16, z: -0.5945504}
  m_LocalScale: {x: 1, y: 1, z: 1}
  m_LocalEulerAnglesHint: {x: 0, y: 0, z: 0}
  m_Children: []
  m_Father: {fileID: 4000014216292062}
  m_RootOrder: 0
--- !u!4 &4000013137527508
Transform:
  m_ObjectHideFlags: 1
  m_PrefabParentObject: {fileID: 0}
  m_PrefabInternal: {fileID: 100100000}
  m_GameObject: {fileID: 1000013608507492}
  m_LocalRotation: {x: -0.000000021842977, y: 7.4549433e-10, z: 1.6283815e-17, w: 1}
  m_LocalPosition: {x: 0.030993287, y: 0.0717864, z: -2.3993144e-10}
  m_LocalScale: {x: 1, y: 1, z: 1}
  m_LocalEulerAnglesHint: {x: 0, y: 0, z: 0}
  m_Children:
  - {fileID: 4000012168526310}
  m_Father: {fileID: 4000013834642780}
  m_RootOrder: 2
--- !u!4 &4000013184771702
Transform:
  m_ObjectHideFlags: 1
  m_PrefabParentObject: {fileID: 0}
  m_PrefabInternal: {fileID: 100100000}
  m_GameObject: {fileID: 1000010560016646}
  m_LocalRotation: {x: 1.2663481e-16, y: -2.220446e-16, z: -6.591949e-17, w: 1}
  m_LocalPosition: {x: 2.4868996e-16, y: 5.3290704e-17, z: -0.59069705}
  m_LocalScale: {x: 1, y: 1, z: 1}
  m_LocalEulerAnglesHint: {x: 0, y: 0, z: 0}
  m_Children: []
  m_Father: {fileID: 4000011456723822}
  m_RootOrder: 0
--- !u!4 &4000013300120866
Transform:
  m_ObjectHideFlags: 1
  m_PrefabParentObject: {fileID: 0}
  m_PrefabInternal: {fileID: 100100000}
  m_GameObject: {fileID: 1000012504452758}
  m_LocalRotation: {x: -0.57989824, y: 0.6225707, z: 0.3643436, w: 0.3786522}
  m_LocalPosition: {x: 0.049750704, y: -0.56333655, z: -0.000000024295787}
  m_LocalScale: {x: 1, y: 1, z: 1}
  m_LocalEulerAnglesHint: {x: 0, y: 0, z: 0}
  m_Children:
  - {fileID: 4000011456723822}
  m_Father: {fileID: 4000014162257724}
  m_RootOrder: 0
--- !u!4 &4000013623382550
Transform:
  m_ObjectHideFlags: 1
  m_PrefabParentObject: {fileID: 0}
  m_PrefabInternal: {fileID: 100100000}
  m_GameObject: {fileID: 1000012523877896}
  m_LocalRotation: {x: -0.2188253, y: -4.5907544e-10, z: -1.0295241e-10, w: 0.97576404}
  m_LocalPosition: {x: -0.042641204, y: 0.0000000027215372, z: -0.3331381}
  m_LocalScale: {x: 1, y: 1, z: 1}
  m_LocalEulerAnglesHint: {x: 0, y: 0, z: 0}
  m_Children:
  - {fileID: 4000011303259256}
  m_Father: {fileID: 4000010061273162}
  m_RootOrder: 0
--- !u!4 &4000013834642780
Transform:
  m_ObjectHideFlags: 1
  m_PrefabParentObject: {fileID: 0}
  m_PrefabInternal: {fileID: 100100000}
  m_GameObject: {fileID: 1000010028213124}
  m_LocalRotation: {x: 0, y: 0, z: 0, w: 1}
  m_LocalPosition: {x: -21.009, y: 0.369, z: 28.759}
  m_LocalScale: {x: 0.28498766, y: 0.28498757, z: 0.28498757}
  m_LocalEulerAnglesHint: {x: 0, y: 0, z: 0}
  m_Children:
  - {fileID: 4000011059818252}
  - {fileID: 4000014162257724}
  - {fileID: 4000013137527508}
  - {fileID: 4000012061569682}
  - {fileID: 4000010964565014}
  m_Father: {fileID: 0}
  m_RootOrder: 0
--- !u!4 &4000013844060374
Transform:
  m_ObjectHideFlags: 1
  m_PrefabParentObject: {fileID: 0}
  m_PrefabInternal: {fileID: 100100000}
  m_GameObject: {fileID: 1000010623412142}
  m_LocalRotation: {x: 1.726523e-16, y: -4.668201e-10, z: -0.000000012904784, w: 1}
  m_LocalPosition: {x: -0.002113514, y: -2.6927224e-11, z: -0.36839408}
  m_LocalScale: {x: 1, y: 1, z: 1}
  m_LocalEulerAnglesHint: {x: 0, y: 0, z: 0}
  m_Children: []
  m_Father: {fileID: 4000012197130970}
  m_RootOrder: 0
--- !u!4 &4000014162257724
Transform:
  m_ObjectHideFlags: 1
  m_PrefabParentObject: {fileID: 0}
  m_PrefabInternal: {fileID: 100100000}
  m_GameObject: {fileID: 1000010371078650}
  m_LocalRotation: {x: -0.000000021842977, y: 7.4549433e-10, z: 1.6283816e-17, w: 1}
  m_LocalPosition: {x: -0.13158944, y: 0.62101895, z: -2.3993163e-10}
  m_LocalScale: {x: 1, y: 1, z: 1}
  m_LocalEulerAnglesHint: {x: 0, y: 0, z: 0}
  m_Children:
  - {fileID: 4000013300120866}
  m_Father: {fileID: 4000013834642780}
  m_RootOrder: 1
--- !u!4 &4000014216292062
Transform:
  m_ObjectHideFlags: 1
  m_PrefabParentObject: {fileID: 0}
  m_PrefabInternal: {fileID: 100100000}
  m_GameObject: {fileID: 1000013505966948}
  m_LocalRotation: {x: -0.035064008, y: 0.15007646, z: -0.0053259926, w: 0.98803806}
  m_LocalPosition: {x: -1.0416556e-12, y: 2.8906338e-10, z: -0.6820613}
  m_LocalScale: {x: 1, y: 1, z: 1}
  m_LocalEulerAnglesHint: {x: 0, y: 0, z: 0}
  m_Children:
  - {fileID: 4000012411378816}
  m_Father: {fileID: 4000012168526310}
  m_RootOrder: 0
--- !u!95 &95000012761897386
Animator:
  serializedVersion: 3
  m_ObjectHideFlags: 1
  m_PrefabParentObject: {fileID: 0}
  m_PrefabInternal: {fileID: 100100000}
  m_GameObject: {fileID: 1000010028213124}
  m_Enabled: 1
  m_Avatar: {fileID: 9000000, guid: b37db243e61487140a7cf533ed6dd0f1, type: 3}
  m_Controller: {fileID: 0}
  m_CullingMode: 1
  m_UpdateMode: 0
  m_ApplyRootMotion: 0
  m_LinearVelocityBlending: 0
  m_WarningMessage: 
  m_HasTransformHierarchy: 1
  m_AllowConstantClipSamplingOptimization: 1
--- !u!137 &137000010264456244
SkinnedMeshRenderer:
  m_ObjectHideFlags: 1
  m_PrefabParentObject: {fileID: 0}
  m_PrefabInternal: {fileID: 100100000}
  m_GameObject: {fileID: 1000011361515498}
  m_Enabled: 1
  m_CastShadows: 1
  m_ReceiveShadows: 1
  m_MotionVectors: 1
  m_LightProbeUsage: 1
  m_ReflectionProbeUsage: 1
  m_Materials:
  - {fileID: 2100000, guid: 48da63eb4fbd473469358d5aef96a842, type: 2}
  - {fileID: 2100000, guid: 6069d149c0f5d0f499ca691afe9ef564, type: 2}
  - {fileID: 2100000, guid: f025474739769ee45957ba4ef0cc17ac, type: 2}
  - {fileID: 2100000, guid: 1423ec443100f8848af8c70996101c08, type: 2}
  - {fileID: 2100000, guid: f57871e1cf0e62f41ac7c6ccfa56156c, type: 2}
  - {fileID: 2100000, guid: b83150726bc039740b6fb1be212e4edc, type: 2}
  m_SubsetIndices: 
  m_StaticBatchRoot: {fileID: 0}
  m_ProbeAnchor: {fileID: 0}
  m_LightProbeVolumeOverride: {fileID: 0}
  m_ScaleInLightmap: 1
  m_PreserveUVs: 0
  m_IgnoreNormalsForChartDetection: 0
  m_ImportantGI: 0
  m_SelectedWireframeHidden: 0
  m_MinimumChartSize: 4
  m_AutoUVMaxDistance: 0.5
  m_AutoUVMaxAngle: 89
  m_LightmapParameters: {fileID: 0}
  m_SortingLayerID: 0
  m_SortingOrder: 0
  serializedVersion: 2
  m_Quality: 0
  m_UpdateWhenOffscreen: 0
  m_SkinnedMotionVectors: 1
  m_Mesh: {fileID: 4300000, guid: b37db243e61487140a7cf533ed6dd0f1, type: 3}
  m_Bones:
  - {fileID: 4000014162257724}
  - {fileID: 4000013300120866}
  - {fileID: 4000011456723822}
  - {fileID: 4000013184771702}
  - {fileID: 4000013137527508}
  - {fileID: 4000012168526310}
  - {fileID: 4000014216292062}
  - {fileID: 4000012411378816}
  - {fileID: 4000012061569682}
  - {fileID: 4000010061273162}
  - {fileID: 4000013623382550}
  - {fileID: 4000011303259256}
  - {fileID: 4000010964565014}
  - {fileID: 4000011099682008}
  - {fileID: 4000012197130970}
  - {fileID: 4000013844060374}
  m_BlendShapeWeights: []
  m_RootBone: {fileID: 4000010964565014}
  m_AABB:
    m_Center: {x: -0.12523979, y: -0.66891766, z: 0.13570353}
    m_Extent: {x: 0.3148468, y: 1.1933708, z: 0.66572976}
  m_DirtyAABB: 0
