%YAML 1.1
%TAG !u! tag:unity3d.com,2011:
--- !u!1001 &100100000
Prefab:
  m_ObjectHideFlags: 1
  serializedVersion: 2
  m_Modification:
    m_TransformParent: {fileID: 0}
    m_Modifications: []
    m_RemovedComponents: []
  m_ParentPrefab: {fileID: 0}
  m_RootGameObject: {fileID: 1000012238962862}
  m_IsPrefabParent: 1
--- !u!1 &1000010163155854
GameObject:
  m_ObjectHideFlags: 0
  m_PrefabParentObject: {fileID: 0}
  m_PrefabInternal: {fileID: 100100000}
  serializedVersion: 4
  m_Component:
  - 4: {fileID: 4000010214476666}
  - 114: {fileID: 114000010701731256}
  m_Layer: 0
  m_Name: Waypoint_01 (3)
  m_TagString: Untagged
  m_Icon: {fileID: 7882823752137805990, guid: 0000000000000000d000000000000000, type: 0}
  m_NavMeshLayer: 0
  m_StaticEditorFlags: 0
  m_IsActive: 1
--- !u!1 &1000010617621850
GameObject:
  m_ObjectHideFlags: 0
  m_PrefabParentObject: {fileID: 0}
  m_PrefabInternal: {fileID: 100100000}
  serializedVersion: 4
  m_Component:
  - 4: {fileID: 4000012178840614}
  - 114: {fileID: 114000010665685488}
  m_Layer: 0
  m_Name: Waypoint_01 (12)
  m_TagString: Untagged
  m_Icon: {fileID: 7882823752137805990, guid: 0000000000000000d000000000000000, type: 0}
  m_NavMeshLayer: 0
  m_StaticEditorFlags: 0
  m_IsActive: 1
--- !u!1 &1000010724605816
GameObject:
  m_ObjectHideFlags: 0
  m_PrefabParentObject: {fileID: 0}
  m_PrefabInternal: {fileID: 100100000}
  serializedVersion: 4
  m_Component:
  - 4: {fileID: 4000012654547800}
  - 114: {fileID: 114000011556389228}
  m_Layer: 0
  m_Name: Waypoint_01 (15)
  m_TagString: Untagged
  m_Icon: {fileID: 7882823752137805990, guid: 0000000000000000d000000000000000, type: 0}
  m_NavMeshLayer: 0
  m_StaticEditorFlags: 0
  m_IsActive: 1
--- !u!1 &1000010761671278
GameObject:
  m_ObjectHideFlags: 0
  m_PrefabParentObject: {fileID: 0}
  m_PrefabInternal: {fileID: 100100000}
  serializedVersion: 4
  m_Component:
  - 4: {fileID: 4000013080832974}
  - 114: {fileID: 114000013608845008}
  m_Layer: 0
  m_Name: Waypoint_01 (13)
  m_TagString: Untagged
  m_Icon: {fileID: 7882823752137805990, guid: 0000000000000000d000000000000000, type: 0}
  m_NavMeshLayer: 0
  m_StaticEditorFlags: 0
  m_IsActive: 1
--- !u!1 &1000011019973656
GameObject:
  m_ObjectHideFlags: 0
  m_PrefabParentObject: {fileID: 0}
  m_PrefabInternal: {fileID: 100100000}
  serializedVersion: 4
  m_Component:
  - 4: {fileID: 4000011106131624}
  - 114: {fileID: 114000012784946034}
  m_Layer: 0
  m_Name: Waypoint_01 (4)
  m_TagString: Untagged
  m_Icon: {fileID: 7882823752137805990, guid: 0000000000000000d000000000000000, type: 0}
  m_NavMeshLayer: 0
  m_StaticEditorFlags: 0
  m_IsActive: 1
--- !u!1 &1000011326472650
GameObject:
  m_ObjectHideFlags: 0
  m_PrefabParentObject: {fileID: 0}
  m_PrefabInternal: {fileID: 100100000}
  serializedVersion: 4
  m_Component:
  - 4: {fileID: 4000013688704534}
  - 114: {fileID: 114000012621505354}
  m_Layer: 0
  m_Name: Waypoint_01 (9)
  m_TagString: Untagged
  m_Icon: {fileID: 7882823752137805990, guid: 0000000000000000d000000000000000, type: 0}
  m_NavMeshLayer: 0
  m_StaticEditorFlags: 0
  m_IsActive: 1
--- !u!1 &1000011664373766
GameObject:
  m_ObjectHideFlags: 0
  m_PrefabParentObject: {fileID: 0}
  m_PrefabInternal: {fileID: 100100000}
  serializedVersion: 4
  m_Component:
  - 4: {fileID: 4000012365564052}
  - 114: {fileID: 114000013942591760}
  m_Layer: 0
  m_Name: Waypoint_01 (17)
  m_TagString: Untagged
  m_Icon: {fileID: 7882823752137805990, guid: 0000000000000000d000000000000000, type: 0}
  m_NavMeshLayer: 0
  m_StaticEditorFlags: 0
  m_IsActive: 1
--- !u!1 &1000011740329544
GameObject:
  m_ObjectHideFlags: 0
  m_PrefabParentObject: {fileID: 0}
  m_PrefabInternal: {fileID: 100100000}
  serializedVersion: 4
  m_Component:
  - 4: {fileID: 4000011508348704}
  - 114: {fileID: 114000013187524858}
  m_Layer: 0
  m_Name: Waypoint_01 (8)
  m_TagString: Untagged
  m_Icon: {fileID: 7882823752137805990, guid: 0000000000000000d000000000000000, type: 0}
  m_NavMeshLayer: 0
  m_StaticEditorFlags: 0
  m_IsActive: 1
--- !u!1 &1000011811772102
GameObject:
  m_ObjectHideFlags: 0
  m_PrefabParentObject: {fileID: 0}
  m_PrefabInternal: {fileID: 100100000}
  serializedVersion: 4
  m_Component:
  - 4: {fileID: 4000012534792558}
  - 114: {fileID: 114000013220698166}
  m_Layer: 0
  m_Name: Waypoint_01
  m_TagString: Untagged
  m_Icon: {fileID: 7882823752137805990, guid: 0000000000000000d000000000000000, type: 0}
  m_NavMeshLayer: 0
  m_StaticEditorFlags: 0
  m_IsActive: 1
--- !u!1 &1000011939831882
GameObject:
  m_ObjectHideFlags: 0
  m_PrefabParentObject: {fileID: 0}
  m_PrefabInternal: {fileID: 100100000}
  serializedVersion: 4
  m_Component:
  - 4: {fileID: 4000013092071492}
  - 114: {fileID: 114000012507378674}
  m_Layer: 0
  m_Name: Waypoint_01 (14)
  m_TagString: Untagged
  m_Icon: {fileID: 7882823752137805990, guid: 0000000000000000d000000000000000, type: 0}
  m_NavMeshLayer: 0
  m_StaticEditorFlags: 0
  m_IsActive: 1
--- !u!1 &1000012238962862
GameObject:
  m_ObjectHideFlags: 0
  m_PrefabParentObject: {fileID: 0}
  m_PrefabInternal: {fileID: 100100000}
  serializedVersion: 4
  m_Component:
  - 4: {fileID: 4000011708971894}
  m_Layer: 0
  m_Name: WaypointsMainScene
  m_TagString: Untagged
  m_Icon: {fileID: 0}
  m_NavMeshLayer: 0
  m_StaticEditorFlags: 0
  m_IsActive: 1
--- !u!1 &1000012253501258
GameObject:
  m_ObjectHideFlags: 0
  m_PrefabParentObject: {fileID: 0}
  m_PrefabInternal: {fileID: 100100000}
  serializedVersion: 4
  m_Component:
  - 4: {fileID: 4000013047756846}
  - 114: {fileID: 114000013394418430}
  m_Layer: 0
  m_Name: Waypoint_01 (5)
  m_TagString: Untagged
  m_Icon: {fileID: 7882823752137805990, guid: 0000000000000000d000000000000000, type: 0}
  m_NavMeshLayer: 0
  m_StaticEditorFlags: 0
  m_IsActive: 1
--- !u!1 &1000012334246278
GameObject:
  m_ObjectHideFlags: 0
  m_PrefabParentObject: {fileID: 0}
  m_PrefabInternal: {fileID: 100100000}
  serializedVersion: 4
  m_Component:
  - 4: {fileID: 4000011572270382}
  - 114: {fileID: 114000012015360542}
  m_Layer: 0
  m_Name: Waypoint_01 (2)
  m_TagString: Untagged
  m_Icon: {fileID: 7882823752137805990, guid: 0000000000000000d000000000000000, type: 0}
  m_NavMeshLayer: 0
  m_StaticEditorFlags: 0
  m_IsActive: 1
--- !u!1 &1000012840542912
GameObject:
  m_ObjectHideFlags: 0
  m_PrefabParentObject: {fileID: 0}
  m_PrefabInternal: {fileID: 100100000}
  serializedVersion: 4
  m_Component:
  - 4: {fileID: 4000012463141790}
  - 114: {fileID: 114000014104570200}
  m_Layer: 0
  m_Name: Waypoint_01 (1)
  m_TagString: Untagged
  m_Icon: {fileID: 7882823752137805990, guid: 0000000000000000d000000000000000, type: 0}
  m_NavMeshLayer: 0
  m_StaticEditorFlags: 0
  m_IsActive: 1
--- !u!1 &1000012995741854
GameObject:
  m_ObjectHideFlags: 0
  m_PrefabParentObject: {fileID: 0}
  m_PrefabInternal: {fileID: 100100000}
  serializedVersion: 4
  m_Component:
  - 4: {fileID: 4000011410723492}
  - 114: {fileID: 114000013113326440}
  m_Layer: 0
  m_Name: Waypoint_01 (10)
  m_TagString: Untagged
  m_Icon: {fileID: 7882823752137805990, guid: 0000000000000000d000000000000000, type: 0}
  m_NavMeshLayer: 0
  m_StaticEditorFlags: 0
  m_IsActive: 1
--- !u!1 &1000013076402928
GameObject:
  m_ObjectHideFlags: 0
  m_PrefabParentObject: {fileID: 0}
  m_PrefabInternal: {fileID: 100100000}
  serializedVersion: 4
  m_Component:
  - 4: {fileID: 4000013363486284}
  - 114: {fileID: 114000013671832962}
  m_Layer: 0
  m_Name: Waypoint_01 (6)
  m_TagString: Untagged
  m_Icon: {fileID: 7882823752137805990, guid: 0000000000000000d000000000000000, type: 0}
  m_NavMeshLayer: 0
  m_StaticEditorFlags: 0
  m_IsActive: 1
--- !u!1 &1000013498733072
GameObject:
  m_ObjectHideFlags: 0
  m_PrefabParentObject: {fileID: 0}
  m_PrefabInternal: {fileID: 100100000}
  serializedVersion: 4
  m_Component:
  - 4: {fileID: 4000013591113642}
  - 114: {fileID: 114000014037510318}
  m_Layer: 0
  m_Name: Waypoint_01 (11)
  m_TagString: Untagged
  m_Icon: {fileID: 7882823752137805990, guid: 0000000000000000d000000000000000, type: 0}
  m_NavMeshLayer: 0
  m_StaticEditorFlags: 0
  m_IsActive: 1
--- !u!1 &1000013991437044
GameObject:
  m_ObjectHideFlags: 0
  m_PrefabParentObject: {fileID: 0}
  m_PrefabInternal: {fileID: 100100000}
  serializedVersion: 4
  m_Component:
  - 4: {fileID: 4000013764987796}
  - 114: {fileID: 114000010112333546}
  m_Layer: 0
  m_Name: Waypoint_01 (16)
  m_TagString: Untagged
  m_Icon: {fileID: 7882823752137805990, guid: 0000000000000000d000000000000000, type: 0}
  m_NavMeshLayer: 0
  m_StaticEditorFlags: 0
  m_IsActive: 1
--- !u!1 &1000014095158990
GameObject:
  m_ObjectHideFlags: 0
  m_PrefabParentObject: {fileID: 0}
  m_PrefabInternal: {fileID: 100100000}
  serializedVersion: 4
  m_Component:
  - 4: {fileID: 4000012556369848}
  - 114: {fileID: 114000013144775772}
  m_Layer: 0
  m_Name: Waypoint_01 (0)
  m_TagString: Untagged
  m_Icon: {fileID: 7882823752137805990, guid: 0000000000000000d000000000000000, type: 0}
  m_NavMeshLayer: 0
  m_StaticEditorFlags: 0
  m_IsActive: 1
--- !u!4 &4000010214476666
Transform:
  m_ObjectHideFlags: 1
  m_PrefabParentObject: {fileID: 0}
  m_PrefabInternal: {fileID: 100100000}
  m_GameObject: {fileID: 1000010163155854}
  m_LocalRotation: {x: -0, y: -0, z: -0, w: 1}
  m_LocalPosition: {x: -7.9977417, y: 8.803253, z: 1.7966995}
  m_LocalScale: {x: 1, y: 1, z: 1}
  m_LocalEulerAnglesHint: {x: 0, y: 0, z: 0}
  m_Children: []
  m_Father: {fileID: 4000011708971894}
  m_RootOrder: 4
--- !u!4 &4000011106131624
Transform:
  m_ObjectHideFlags: 1
  m_PrefabParentObject: {fileID: 0}
  m_PrefabInternal: {fileID: 100100000}
  m_GameObject: {fileID: 1000011019973656}
  m_LocalRotation: {x: -0, y: -0, z: -0, w: 1}
  m_LocalPosition: {x: -6.00774, y: 8.803253, z: 2.1767006}
  m_LocalScale: {x: 1, y: 1, z: 1}
  m_LocalEulerAnglesHint: {x: 0, y: 0, z: 0}
  m_Children: []
  m_Father: {fileID: 4000011708971894}
  m_RootOrder: 5
--- !u!4 &4000011410723492
Transform:
  m_ObjectHideFlags: 1
  m_PrefabParentObject: {fileID: 0}
  m_PrefabInternal: {fileID: 100100000}
  m_GameObject: {fileID: 1000012995741854}
  m_LocalRotation: {x: -0, y: -0, z: -0, w: 1}
  m_LocalPosition: {x: -3.9697418, y: 8.803253, z: -2.8162994}
  m_LocalScale: {x: 1, y: 1, z: 1}
  m_LocalEulerAnglesHint: {x: 0, y: 0, z: 0}
  m_Children: []
  m_Father: {fileID: 4000011708971894}
  m_RootOrder: 9
--- !u!4 &4000011508348704
Transform:
  m_ObjectHideFlags: 1
  m_PrefabParentObject: {fileID: 0}
  m_PrefabInternal: {fileID: 100100000}
  m_GameObject: {fileID: 1000011740329544}
  m_LocalRotation: {x: -0, y: -0, z: -0, w: 1}
  m_LocalPosition: {x: -8.106739, y: 8.803253, z: -1.9482994}
  m_LocalScale: {x: 1, y: 1, z: 1}
  m_LocalEulerAnglesHint: {x: 0, y: 0, z: 0}
  m_Children: []
  m_Father: {fileID: 4000011708971894}
  m_RootOrder: 8
--- !u!4 &4000011572270382
Transform:
  m_ObjectHideFlags: 1
  m_PrefabParentObject: {fileID: 0}
  m_PrefabInternal: {fileID: 100100000}
  m_GameObject: {fileID: 1000012334246278}
  m_LocalRotation: {x: -0, y: -0, z: -0, w: 1}
  m_LocalPosition: {x: -7.9977417, y: 8.803253, z: 5.776703}
  m_LocalScale: {x: 1, y: 1, z: 1}
  m_LocalEulerAnglesHint: {x: 0, y: 0, z: 0}
  m_Children: []
  m_Father: {fileID: 4000011708971894}
  m_RootOrder: 3
--- !u!4 &4000011708971894
Transform:
  m_ObjectHideFlags: 1
  m_PrefabParentObject: {fileID: 0}
  m_PrefabInternal: {fileID: 100100000}
  m_GameObject: {fileID: 1000012238962862}
  m_LocalRotation: {x: -0, y: -0, z: -0, w: 1}
  m_LocalPosition: {x: -45.42962, y: -9.268005, z: 46.969185}
  m_LocalScale: {x: 1, y: 1, z: 1}
  m_LocalEulerAnglesHint: {x: 0, y: 0, z: 0}
  m_Children:
  - {fileID: 4000012534792558}
  - {fileID: 4000012556369848}
  - {fileID: 4000012463141790}
  - {fileID: 4000011572270382}
  - {fileID: 4000010214476666}
  - {fileID: 4000011106131624}
  - {fileID: 4000013047756846}
  - {fileID: 4000013363486284}
  - {fileID: 4000011508348704}
  - {fileID: 4000011410723492}
  - {fileID: 4000013591113642}
  - {fileID: 4000012178840614}
  - {fileID: 4000013080832974}
  - {fileID: 4000013092071492}
  - {fileID: 4000012654547800}
  - {fileID: 4000013764987796}
  - {fileID: 4000012365564052}
  - {fileID: 4000013688704534}
  m_Father: {fileID: 0}
  m_RootOrder: 0
--- !u!4 &4000012178840614
Transform:
  m_ObjectHideFlags: 1
  m_PrefabParentObject: {fileID: 0}
  m_PrefabInternal: {fileID: 100100000}
  m_GameObject: {fileID: 1000010617621850}
  m_LocalRotation: {x: -0, y: -0, z: -0, w: 1}
  m_LocalPosition: {x: -1.8577423, y: 8.803253, z: -1.8773003}
  m_LocalScale: {x: 1, y: 1, z: 1}
  m_LocalEulerAnglesHint: {x: 0, y: 0, z: 0}
  m_Children: []
  m_Father: {fileID: 4000011708971894}
  m_RootOrder: 11
--- !u!4 &4000012365564052
Transform:
  m_ObjectHideFlags: 1
  m_PrefabParentObject: {fileID: 0}
  m_PrefabInternal: {fileID: 100100000}
  m_GameObject: {fileID: 1000011664373766}
  m_LocalRotation: {x: -0, y: -0, z: -0, w: 1}
  m_LocalPosition: {x: -6.024, y: 8.803253, z: -1.563}
  m_LocalScale: {x: 1, y: 1, z: 1}
  m_LocalEulerAnglesHint: {x: 0, y: 0, z: 0}
  m_Children: []
  m_Father: {fileID: 4000011708971894}
  m_RootOrder: 16
--- !u!4 &4000012463141790
Transform:
  m_ObjectHideFlags: 1
  m_PrefabParentObject: {fileID: 0}
  m_PrefabInternal: {fileID: 100100000}
  m_GameObject: {fileID: 1000012840542912}
  m_LocalRotation: {x: -0, y: -0, z: -0, w: 1}
  m_LocalPosition: {x: -7.9977417, y: 8.803253, z: 3.9267006}
  m_LocalScale: {x: 1, y: 1, z: 1}
  m_LocalEulerAnglesHint: {x: 0, y: 0, z: 0}
  m_Children: []
  m_Father: {fileID: 4000011708971894}
  m_RootOrder: 2
--- !u!4 &4000012534792558
Transform:
  m_ObjectHideFlags: 1
  m_PrefabParentObject: {fileID: 0}
  m_PrefabInternal: {fileID: 100100000}
  m_GameObject: {fileID: 1000011811772102}
  m_LocalRotation: {x: -0, y: -0, z: -0, w: 1}
  m_LocalPosition: {x: -3.966, y: 8.803253, z: 5.16}
  m_LocalScale: {x: 1, y: 1, z: 1}
  m_LocalEulerAnglesHint: {x: 0, y: 0, z: 0}
  m_Children: []
  m_Father: {fileID: 4000011708971894}
  m_RootOrder: 0
--- !u!4 &4000012556369848
Transform:
  m_ObjectHideFlags: 1
  m_PrefabParentObject: {fileID: 0}
  m_PrefabInternal: {fileID: 100100000}
  m_GameObject: {fileID: 1000014095158990}
  m_LocalRotation: {x: -0, y: -0, z: -0, w: 1}
  m_LocalPosition: {x: -5.967739, y: 8.803253, z: 4.4347}
  m_LocalScale: {x: 1, y: 1, z: 1}
  m_LocalEulerAnglesHint: {x: 0, y: 0, z: 0}
  m_Children: []
  m_Father: {fileID: 4000011708971894}
  m_RootOrder: 1
--- !u!4 &4000012654547800
Transform:
  m_ObjectHideFlags: 1
  m_PrefabParentObject: {fileID: 0}
  m_PrefabInternal: {fileID: 100100000}
  m_GameObject: {fileID: 1000010724605816}
  m_LocalRotation: {x: -0, y: -0, z: -0, w: 1}
  m_LocalPosition: {x: -1.7937393, y: 8.803253, z: 2.7787018}
  m_LocalScale: {x: 1, y: 1, z: 1}
  m_LocalEulerAnglesHint: {x: 0, y: 0, z: 0}
  m_Children: []
  m_Father: {fileID: 4000011708971894}
  m_RootOrder: 14
--- !u!4 &4000013047756846
Transform:
  m_ObjectHideFlags: 1
  m_PrefabParentObject: {fileID: 0}
  m_PrefabInternal: {fileID: 100100000}
  m_GameObject: {fileID: 1000012253501258}
  m_LocalRotation: {x: -0, y: -0, z: -0, w: 1}
  m_LocalPosition: {x: -4.0277405, y: 8.803253, z: 2.1567001}
  m_LocalScale: {x: 1, y: 1, z: 1}
  m_LocalEulerAnglesHint: {x: 0, y: 0, z: 0}
  m_Children: []
  m_Father: {fileID: 4000011708971894}
  m_RootOrder: 6
--- !u!4 &4000013080832974
Transform:
  m_ObjectHideFlags: 1
  m_PrefabParentObject: {fileID: 0}
  m_PrefabInternal: {fileID: 100100000}
  m_GameObject: {fileID: 1000010761671278}
  m_LocalRotation: {x: -0, y: -0, z: -0, w: 1}
  m_LocalPosition: {x: -1.8577423, y: 8.803253, z: 0.09569931}
  m_LocalScale: {x: 1, y: 1, z: 1}
  m_LocalEulerAnglesHint: {x: 0, y: 0, z: 0}
  m_Children: []
  m_Father: {fileID: 4000011708971894}
  m_RootOrder: 12
--- !u!4 &4000013092071492
Transform:
  m_ObjectHideFlags: 1
  m_PrefabParentObject: {fileID: 0}
  m_PrefabInternal: {fileID: 100100000}
  m_GameObject: {fileID: 1000011939831882}
  m_LocalRotation: {x: -0, y: -0, z: -0, w: 1}
  m_LocalPosition: {x: -0.39974213, y: 8.803253, z: 0.20669937}
  m_LocalScale: {x: 1, y: 1, z: 1}
  m_LocalEulerAnglesHint: {x: 0, y: 0, z: 0}
  m_Children: []
  m_Father: {fileID: 4000011708971894}
  m_RootOrder: 13
--- !u!4 &4000013363486284
Transform:
  m_ObjectHideFlags: 1
  m_PrefabParentObject: {fileID: 0}
  m_PrefabInternal: {fileID: 100100000}
  m_GameObject: {fileID: 1000013076402928}
  m_LocalRotation: {x: -0, y: -0, z: -0, w: 1}
  m_LocalPosition: {x: -4.0277405, y: 8.803253, z: 0.29669952}
  m_LocalScale: {x: 1, y: 1, z: 1}
  m_LocalEulerAnglesHint: {x: 0, y: 0, z: 0}
  m_Children: []
  m_Father: {fileID: 4000011708971894}
  m_RootOrder: 7
--- !u!4 &4000013591113642
Transform:
  m_ObjectHideFlags: 1
  m_PrefabParentObject: {fileID: 0}
  m_PrefabInternal: {fileID: 100100000}
  m_GameObject: {fileID: 1000013498733072}
  m_LocalRotation: {x: -0, y: -0, z: -0, w: 1}
  m_LocalPosition: {x: -2.7687416, y: 8.803253, z: -2.8162994}
  m_LocalScale: {x: 1, y: 1, z: 1}
  m_LocalEulerAnglesHint: {x: 0, y: 0, z: 0}
  m_Children: []
  m_Father: {fileID: 4000011708971894}
  m_RootOrder: 10
--- !u!4 &4000013688704534
Transform:
  m_ObjectHideFlags: 1
  m_PrefabParentObject: {fileID: 0}
  m_PrefabInternal: {fileID: 100100000}
  m_GameObject: {fileID: 1000011326472650}
  m_LocalRotation: {x: -0, y: -0, z: -0, w: 1}
  m_LocalPosition: {x: -8.106739, y: 8.803253, z: -0.16}
  m_LocalScale: {x: 1, y: 1, z: 1}
  m_LocalEulerAnglesHint: {x: 0, y: 0, z: 0}
  m_Children: []
  m_Father: {fileID: 4000011708971894}
  m_RootOrder: 17
--- !u!4 &4000013764987796
Transform:
  m_ObjectHideFlags: 1
  m_PrefabParentObject: {fileID: 0}
  m_PrefabInternal: {fileID: 100100000}
  m_GameObject: {fileID: 1000013991437044}
  m_LocalRotation: {x: -0, y: -0, z: -0, w: 1}
  m_LocalPosition: {x: -1.7937393, y: 8.803253, z: 5.1777}
  m_LocalScale: {x: 1, y: 1, z: 1}
  m_LocalEulerAnglesHint: {x: 0, y: 0, z: 0}
  m_Children: []
  m_Father: {fileID: 4000011708971894}
  m_RootOrder: 15
--- !u!114 &114000010112333546
MonoBehaviour:
  m_ObjectHideFlags: 1
  m_PrefabParentObject: {fileID: 0}
  m_PrefabInternal: {fileID: 100100000}
  m_GameObject: {fileID: 1000013991437044}
  m_Enabled: 1
  m_EditorHideFlags: 0
  m_Script: {fileID: 11500000, guid: a7c0f00b3f15a4c43971cabf49a96f24, type: 3}
  m_Name: 
  m_EditorClassIdentifier: 
  neighbours:
  - {fileID: 114000013220698166}
  - {fileID: 114000011556389228}
--- !u!114 &114000010665685488
MonoBehaviour:
  m_ObjectHideFlags: 1
  m_PrefabParentObject: {fileID: 0}
  m_PrefabInternal: {fileID: 100100000}
  m_GameObject: {fileID: 1000010617621850}
  m_Enabled: 1
  m_EditorHideFlags: 0
  m_Script: {fileID: 11500000, guid: a7c0f00b3f15a4c43971cabf49a96f24, type: 3}
  m_Name: 
  m_EditorClassIdentifier: 
  neighbours:
  - {fileID: 114000014037510318}
  - {fileID: 114000013608845008}
--- !u!114 &114000010701731256
MonoBehaviour:
  m_ObjectHideFlags: 1
  m_PrefabParentObject: {fileID: 0}
  m_PrefabInternal: {fileID: 100100000}
  m_GameObject: {fileID: 1000010163155854}
  m_Enabled: 1
  m_EditorHideFlags: 0
  m_Script: {fileID: 11500000, guid: a7c0f00b3f15a4c43971cabf49a96f24, type: 3}
  m_Name: 
  m_EditorClassIdentifier: 
  neighbours:
  - {fileID: 114000014104570200}
  - {fileID: 114000012784946034}
--- !u!114 &114000011556389228
MonoBehaviour:
  m_ObjectHideFlags: 1
  m_PrefabParentObject: {fileID: 0}
  m_PrefabInternal: {fileID: 100100000}
  m_GameObject: {fileID: 1000010724605816}
  m_Enabled: 1
  m_EditorHideFlags: 0
  m_Script: {fileID: 11500000, guid: a7c0f00b3f15a4c43971cabf49a96f24, type: 3}
  m_Name: 
  m_EditorClassIdentifier: 
  neighbours:
  - {fileID: 114000013394418430}
  - {fileID: 114000010112333546}
--- !u!114 &114000012015360542
MonoBehaviour:
  m_ObjectHideFlags: 1
  m_PrefabParentObject: {fileID: 0}
  m_PrefabInternal: {fileID: 100100000}
  m_GameObject: {fileID: 1000012334246278}
  m_Enabled: 1
  m_EditorHideFlags: 0
  m_Script: {fileID: 11500000, guid: a7c0f00b3f15a4c43971cabf49a96f24, type: 3}
  m_Name: 
  m_EditorClassIdentifier: 
  neighbours:
  - {fileID: 114000014104570200}
--- !u!114 &114000012507378674
MonoBehaviour:
  m_ObjectHideFlags: 1
  m_PrefabParentObject: {fileID: 0}
  m_PrefabInternal: {fileID: 100100000}
  m_GameObject: {fileID: 1000011939831882}
  m_Enabled: 1
  m_EditorHideFlags: 0
  m_Script: {fileID: 11500000, guid: a7c0f00b3f15a4c43971cabf49a96f24, type: 3}
  m_Name: 
  m_EditorClassIdentifier: 
  neighbours:
  - {fileID: 114000013608845008}
--- !u!114 &114000012621505354
MonoBehaviour:
  m_ObjectHideFlags: 1
  m_PrefabParentObject: {fileID: 0}
  m_PrefabInternal: {fileID: 100100000}
  m_GameObject: {fileID: 1000011326472650}
  m_Enabled: 1
  m_EditorHideFlags: 0
  m_Script: {fileID: 11500000, guid: a7c0f00b3f15a4c43971cabf49a96f24, type: 3}
  m_Name: 
  m_EditorClassIdentifier: 
  neighbours:
  - {fileID: 114000013187524858}
--- !u!114 &114000012784946034
MonoBehaviour:
  m_ObjectHideFlags: 1
  m_PrefabParentObject: {fileID: 0}
  m_PrefabInternal: {fileID: 100100000}
  m_GameObject: {fileID: 1000011019973656}
  m_Enabled: 1
  m_EditorHideFlags: 0
  m_Script: {fileID: 11500000, guid: a7c0f00b3f15a4c43971cabf49a96f24, type: 3}
  m_Name: 
  m_EditorClassIdentifier: 
  neighbours:
  - {fileID: 114000013144775772}
  - {fileID: 114000010701731256}
  - {fileID: 114000013394418430}
  - {fileID: 114000013671832962}
  - {fileID: 114000013942591760}
--- !u!114 &114000013113326440
MonoBehaviour:
  m_ObjectHideFlags: 1
  m_PrefabParentObject: {fileID: 0}
  m_PrefabInternal: {fileID: 100100000}
  m_GameObject: {fileID: 1000012995741854}
  m_Enabled: 1
  m_EditorHideFlags: 0
  m_Script: {fileID: 11500000, guid: a7c0f00b3f15a4c43971cabf49a96f24, type: 3}
  m_Name: 
  m_EditorClassIdentifier: 
  neighbours:
  - {fileID: 114000013671832962}
  - {fileID: 114000014037510318}
  - {fileID: 114000013942591760}
--- !u!114 &114000013144775772
MonoBehaviour:
  m_ObjectHideFlags: 1
  m_PrefabParentObject: {fileID: 0}
  m_PrefabInternal: {fileID: 100100000}
  m_GameObject: {fileID: 1000014095158990}
  m_Enabled: 1
  m_EditorHideFlags: 0
  m_Script: {fileID: 11500000, guid: a7c0f00b3f15a4c43971cabf49a96f24, type: 3}
  m_Name: 
  m_EditorClassIdentifier: 
  neighbours:
  - {fileID: 114000013220698166}
  - {fileID: 114000014104570200}
  - {fileID: 114000012784946034}
--- !u!114 &114000013187524858
MonoBehaviour:
  m_ObjectHideFlags: 1
  m_PrefabParentObject: {fileID: 0}
  m_PrefabInternal: {fileID: 100100000}
  m_GameObject: {fileID: 1000011740329544}
  m_Enabled: 1
  m_EditorHideFlags: 0
  m_Script: {fileID: 11500000, guid: a7c0f00b3f15a4c43971cabf49a96f24, type: 3}
  m_Name: 
  m_EditorClassIdentifier: 
  neighbours:
  - {fileID: 114000012621505354}
  - {fileID: 114000013942591760}
--- !u!114 &114000013220698166
MonoBehaviour:
  m_ObjectHideFlags: 1
  m_PrefabParentObject: {fileID: 0}
  m_PrefabInternal: {fileID: 100100000}
  m_GameObject: {fileID: 1000011811772102}
  m_Enabled: 1
  m_EditorHideFlags: 0
  m_Script: {fileID: 11500000, guid: a7c0f00b3f15a4c43971cabf49a96f24, type: 3}
  m_Name: 
  m_EditorClassIdentifier: 
  neighbours:
  - {fileID: 114000013144775772}
  - {fileID: 114000013394418430}
  - {fileID: 114000010112333546}
--- !u!114 &114000013394418430
MonoBehaviour:
  m_ObjectHideFlags: 1
  m_PrefabParentObject: {fileID: 0}
  m_PrefabInternal: {fileID: 100100000}
  m_GameObject: {fileID: 1000012253501258}
  m_Enabled: 1
  m_EditorHideFlags: 0
  m_Script: {fileID: 11500000, guid: a7c0f00b3f15a4c43971cabf49a96f24, type: 3}
  m_Name: 
  m_EditorClassIdentifier: 
  neighbours:
  - {fileID: 114000013220698166}
  - {fileID: 114000012784946034}
  - {fileID: 114000013671832962}
  - {fileID: 114000011556389228}
--- !u!114 &114000013608845008
MonoBehaviour:
  m_ObjectHideFlags: 1
  m_PrefabParentObject: {fileID: 0}
  m_PrefabInternal: {fileID: 100100000}
  m_GameObject: {fileID: 1000010761671278}
  m_Enabled: 1
  m_EditorHideFlags: 0
  m_Script: {fileID: 11500000, guid: a7c0f00b3f15a4c43971cabf49a96f24, type: 3}
  m_Name: 
  m_EditorClassIdentifier: 
  neighbours:
  - {fileID: 114000013671832962}
  - {fileID: 114000010665685488}
  - {fileID: 114000012507378674}
--- !u!114 &114000013671832962
MonoBehaviour:
  m_ObjectHideFlags: 1
  m_PrefabParentObject: {fileID: 0}
  m_PrefabInternal: {fileID: 100100000}
  m_GameObject: {fileID: 1000013076402928}
  m_Enabled: 1
  m_EditorHideFlags: 0
  m_Script: {fileID: 11500000, guid: a7c0f00b3f15a4c43971cabf49a96f24, type: 3}
  m_Name: 
  m_EditorClassIdentifier: 
  neighbours:
  - {fileID: 114000012784946034}
  - {fileID: 114000013394418430}
  - {fileID: 114000013113326440}
  - {fileID: 114000013608845008}
  - {fileID: 114000013942591760}
--- !u!114 &114000013942591760
MonoBehaviour:
  m_ObjectHideFlags: 1
  m_PrefabParentObject: {fileID: 0}
  m_PrefabInternal: {fileID: 100100000}
  m_GameObject: {fileID: 1000011664373766}
  m_Enabled: 1
  m_EditorHideFlags: 0
  m_Script: {fileID: 11500000, guid: a7c0f00b3f15a4c43971cabf49a96f24, type: 3}
  m_Name: 
  m_EditorClassIdentifier: 
  neighbours:
  - {fileID: 114000012784946034}
  - {fileID: 114000013671832962}
  - {fileID: 114000013187524858}
  - {fileID: 114000013113326440}
--- !u!114 &114000014037510318
MonoBehaviour:
  m_ObjectHideFlags: 1
  m_PrefabParentObject: {fileID: 0}
  m_PrefabInternal: {fileID: 100100000}
  m_GameObject: {fileID: 1000013498733072}
  m_Enabled: 1
  m_EditorHideFlags: 0
  m_Script: {fileID: 11500000, guid: a7c0f00b3f15a4c43971cabf49a96f24, type: 3}
  m_Name: 
  m_EditorClassIdentifier: 
  neighbours:
  - {fileID: 114000013113326440}
  - {fileID: 114000010665685488}
--- !u!114 &114000014104570200
MonoBehaviour:
  m_ObjectHideFlags: 1
  m_PrefabParentObject: {fileID: 0}
  m_PrefabInternal: {fileID: 100100000}
  m_GameObject: {fileID: 1000012840542912}
  m_Enabled: 1
  m_EditorHideFlags: 0
  m_Script: {fileID: 11500000, guid: a7c0f00b3f15a4c43971cabf49a96f24, type: 3}
  m_Name: 
  m_EditorClassIdentifier: 
  neighbours:
  - {fileID: 114000013144775772}
  - {fileID: 114000012015360542}
  - {fileID: 114000010701731256}
